@book{Samarskii1995,
  author    = {Samarskii, A. A. and Galaktionov, V. A. and Kurdyumov, S. P. and Mikhailov, A. P.},
  title     = {Blow-up in Quasilinear Parabolic Equations},
  publisher = {De Gruyter},
  year      = {1995},
  series    = {De Gruyter Expositions in Mathematics},
  volume    = {19},
  address   = {Berlin}
}

@article{Leach2002,
  author    = {Leach, P. G. L. and Govinder, K. S.},
  title     = {The {Abel} Equation},
  journal   = {Journal of Nonlinear Mathematical Physics},
  year      = {2002},
  volume    = {9},
  number    = {sup2},
  pages     = {86--106}
}

@article{Levine1973,
  author    = {Levine, H. A.},
  title     = {Finite Time Blow-Up for Solutions of Superlinear Parabolic Equations},
  journal   = {Archive for Rational Mechanics and Analysis},
  year      = {1973},
  volume    = {51},
  number    = {5},
  pages     = {371--386}
}

@article{Giga1985,
  author    = {Giga, Y. and Kohn, R. V.},
  title     = {Asymptotic behavior of blow-up solutions of a semilinear heat equation},
  journal   = {Communications on Pure and Applied Mathematics},
  year      = {1985},
  volume    = {38},
  number    = {3},
  pages     = {297--319}
}

@article{Galaktionov1981,
  author    = {Galaktionov, V. A.},
  title     = {On the blow-up of solutions of the {Cauchy} problem for quasi-linear degenerate parabolic equations of arbitrary order},
  journal   = {Differential Equations},
  year      = {1981},
  volume    = {17},
  number    = {5},
  pages     = {737--743},
  note      = {English translation of Differentsial'nye Uravneniya}
}

@book{Arnold1973,
  author    = {Arnold, V. I.},
  title     = {Ordinary Differential Equations},
  publisher = {MIT Press},
  year      = {1973},
  address   = {Cambridge, MA}
}

@book{Jordan2007,
  author    = {Jordan, D. W. and Smith, P.},
  title     = {Nonlinear Ordinary Differential Equations: An Introduction for Scientists and Engineers},
  publisher = {Oxford University Press},
  year      = {2007},
  edition   = {4th},
  address   = {Oxford}
}

@article{Chipot1989,
  author    = {Chipot, M. and Weissler, F. B.},
  title     = {Blow-up of solutions for a class of nonlinear ordinary differential equations},
  journal   = {Nonlinear Analysis: Theory, Methods \& Applications},
  year      = {1989},
  volume    = {13},
  number    = {1},
  pages     = {127--142}
}

@book{Hairer1993,
  author    = {Hairer, E. and N{\o}rsett, S. P. and Wanner, G.},
  title     = {Solving Ordinary Differential Equations {I}: Nonstiff Problems},
  publisher = {Springer},
  year      = {1993},
  edition   = {2nd rev.},
  series    = {Springer Series in Computational Mathematics},
  volume    = {8},
  address   = {Berlin, Heidelberg}
}

@book{Dumortier2006,
  author    = {Dumortier, F. and Llibre, J. and Art{\'e}s, J. C.},
  title     = {Qualitative Theory of Planar Differential Systems},
  publisher = {Springer},
  year      = {2006},
  address   = {Berlin, Heidelberg}
}